@ABNT-options{cite-options,
  abnt-emphasize="",
  abnt-full-initials="no",
  abnt-show-options="warn",
  abnt-thesis-year="final",
  key="x"
}

@book{guizzardi05,
    AUTHOR = {Guizzardi, Giancarlo},
    TITLE = {Ontological Foundations for Structural Conceptual Models},
    PUBLISHER = {University of Twente},
    ADDRESS = {Enschede, The Netherlands},
    YEAR = {2005}
}

%  AUTHOR = {Budinsky, Frank and Steinberg, Dave and Paternostro, Marcelo and Merks, Ed},
%  AUTHOR = {Frank Budinsky, Dave Steinberg, Marcelo Paternostro and Ed Merks},
@book{budinsky09,
  AUTHOR = {Budinsky, Frank and Steinberg, Dave and Paternostro, Marcelo and Merks, Ed},
  YEAR = {2009},
  TITLE = {EMF: Eclipse Modeling Framework},
  EDITION = {2nd Revised},
  ADDRESS = {Boston},
  PUBLISHER = {Addison-Wesley Professional},
  ISBN = {9780321331885}
}

% Book author: L Loucopoulos and R Zicari.
@inCollection{mylopoulos92,
  AUTHOR = {Mylopoulos, John},
  YEAR = {1992},
  TITLE = {Conceptual Modelling and Telos},
  EDITOR = {Loucopoulos, Peri and Zicari, Roberto},
  BOOKTITLE = {Conceptual Modelling, Databases and CASE: An Integrated View of Information Systems Development},
  ADDRESS = {New York},
  PUBLISHER = {Wiley}
}

@article{mylopoulos98,
  AUTHOR = {Mylopoulos, John},
  TITLE = {Information Modeling in the Time of the Revolution},
  JOURNAL = {Information Systems},
  VOLUME = 23,
  PAGES = {3-4},
  MONTH = {June},
  YEAR = 1998
}

@monography{carraretto10,
  AUTHOR = {Carraretto, Roberto},
  TITLE = {A Modeling Infrastructure for OntoUML},
  ADDRESS = {Vitória, Brazil},
  PAGES = {91},
  PAGENAME = {f.},
  SCHOOL = {Centro Tecnol\'ogico, Universidade Federal do Esp\'irito Santo},
  TYPE = {Gradua\c c\~ao},
  YEAR = {1990}
}

@monography{benevides10,
  AUTHOR = {Alessander Botti Benevides},
  TITLE = {A Model-based Graphical Editor for Supporting the Creation, Verification and Validation of OntoUML Conceptual Models},
  ADDRESS = {Vitória, Brazil},
  SCHOOL = {Centro Tecnol\'ogico, Universidade Federal do Esp\'irito Santo},
  TYPE = {M.Sc. thesis},
  YEAR = {1990}
}


@TECHREPORT{harel_rumpe00,
  AUTHOR = {David Harel and Bernhard Rumpe},
  TITLE = {Modeling Languages: Syntax, Semantics and All That Stuff Part I: The Basic Stuff},
  INSTITUTION = {},
  MONTH = {June},
  YEAR = {2000}
}

@misc{OCL20,
  TITLE = {Object Constraint Language},
  NOTE = {Version 2.0},
  YEAR = 2006,
  MONTH = May,
  AUTHOR = {OMG},
}

@misc{UML20,
  TITLE = {Unified Modeling Language: Infrastructure Specification},
  NOTE = {Version 2.0},
  YEAR = 2006,
  MONTH = Mar,
  AUTHOR = {OMG},
}

@online{damus07,
  AUTHOR = {Christian W. Damus},
  TITLE = {Implementing Model Integrity in EMF with MDT OCL},
  MONTH = Feb,
  YEAR = 2007,
  URL = {http://www.eclipse.org/articles/article.php?file=Article-EMF-Codegen-with-OCL/index.html},
  URLDATE = {2014-02-14},
  URLACCESSDATE = {2014-02-14}
}

%TODO: Corrigir o ano
@online{emf_helios_nn,
  author = {Dave Steinberg},
  title = {EMF/New and Noteworthy/Helios},
  url = {https://wiki.eclipse.org/EMF/New_and_Noteworthy/Helios#Support_for_Validation_Delegates},
  YEAR = 2014,
  urldate = {2014-02-14},
  urlaccessdate = {2014-02-14}
}